% This file was created with JabRef 2.10b2.
% Encoding: UTF-8


@Book{Bengel2014,
  Title                    = {Grundkurs Verteilte Systeme},
  Author                   = {Günther Bengel},
  Chapter                  = {2.1 Client-Server},
  ISBN                     = {978-3-8348-1670-2},
  Publisher                = {Springer Vieweg},
  Side                     = {22},
  Year                     = {2014},
  Volume                   = {4},

  File                     = {:/home/phil/Dropbox/Fachhochschule/Projektarbeit/Dokumente/GrundkursVerteilteSysteme.pdf:PDF},
  Owner                    = {phil},
  Timestamp                = {2016.03.30}
}

@InBook{ChristianBaun2010c,
  Title                    = {Cloud Computing Web-basierte dynamische IT-Services},
  Author                   = {Christian Baun, Marcel Kunze, Jens Nimis, Stefan Tai},
  Chapter                  = {3.4},
  Pages                    = {33},
  Publisher                = {Springer},
  Year                     = {2010},

  Owner                    = {phil},
  Timestamp                = {2016.04.14}
}

@InBook{ChristianBaun2010d,
  Title                    = {Cloud Computing Web-basierte dynamische IT-Services},
  Author                   = {Christian Baun, Marcel Kunze, Jens Nimis, Stefan Tai},
  Chapter                  = {3.5},
  Pages                    = {35},
  Publisher                = {Springer},
  Year                     = {2010},

  Owner                    = {phil},
  Timestamp                = {2016.04.14}
}

@Article{Mueller2016,
  Title                    = {Microservices},
  Author                   = {Michael Müller},
  Journal                  = {Javamagazin},
  Year                     = {2016},

  Month                    = {5},
  Pages                    = {10},

  Owner                    = {phil},
  Timestamp                = {2016.04.09}
}

@Book{Newm2015,
  Title                    = {Microservices: Konzeption und Design},
  Author                   = {Sam Newman},
  Chapter                  = {1.1},
  ISBN                     = {978-3-95845-083-7},
  Publisher                = {mitp-Verlag},
  Side                     = {/},
  Year                     = {2015},

  Owner                    = {phil},
  Timestamp                = {2016.04.04}
}

@InBook{Newm2015a,
  Title                    = {Microservices Konzeption und Design},
  Author                   = {Sam Newman},
  Chapter                  = {5},
  Pages                    = {23--60},
  Publisher                = {mitp-Verlag},
  Year                     = {2015},

  Owner                    = {phil},
  Side                     = {0},
  Timestamp                = {2016.04.12}
}

@Article{Wolff2016,
  Title                    = {Erfahrungen, Vor- und Nachteile von Microservices. Schein und Sein.},
  Author                   = {Eberhard Wolff},
  Journal                  = {Javamagazin},
  Year                     = {2016},

  Month                    = {5},
  Pages                    = {33},

  Owner                    = {phil},
  Timestamp                = {2016.04.09}
}

% Einleitung
@INPROCEEDINGS{UserCenteredWebDesign,
      author = {T. {Lau}},
   booktitle = {Proceedings of IPCC 97. Communication}, 
       title = {Toward a user-centered web design: lessons learned from user feedback},
        year = {1997},
      volume = {},
      number = {},
       pages = {149-153},
        isbn = {0-7803-4184-8},
         doi = {10.1109/IPCC.1997.637042},
}
@article{TheProblemOfAutomation,
      author = {Donald  A. {Norman}},
       title = {The ``Problem`` of Automation: Inappropriate Feedback and Interaction, Not ``Overautomation``},
     journal = {ICS Report},
      volume = {8904},
        year = {1989}
}
@INPROCEEDINGS{AnErrorReportingAndFeedbackComponent,
      author = {K. {Renaud} and R. {Cooper}},
   booktitle = {Proceedings User Interfaces to Data Intensive Systems},
       title = {An error reporting and feedback component for component-based transaction processing systems},
        year = {1999},
      volume = {},
      number = {},
       pages = {141-150},
   timestamp = {1999.09.05},
        isbn = {0-7695-0262-8},
         doi = {10.1109/UIDIS.1999.791470},
}
@inproceedings{ManagingTheComplexityOfWebSystemsDevelopment,
       title = {Web Engineering: Managing the Complexity of Web Systems Development},
      author = {Athula Ginige},
   booktitle = {Proceedings of the 14th international conference on Software engineering and knowledge engineering},
       pages = {721-729},
        year = {2002}
}
@inproceedings{EndUsersAsUnwittingSoftwareDevelopers,
       title = {End users as unwitting software developers},
      author = {Maria Francesca Costabile and Piero Mussio and Loredana Parasiliti Provenza and Antonio Piccinno},
   booktitle = {Proceedings of the 4th international workshop on End-user software engineering},
       pages = {6-10},
        year = {2008}
}
@misc{Instagram,
       title = {Instagram},
     journal = {Facebook, Inc.},
   publisher = {Facebook, Inc.},
        year = {2020},
howpublished = "\url{https://www.instagram.com/}",
}
@INPROCEEDINGS{WhatMakesAGoodBugReport,
      author = {Nicolas Bettenburg and Sascha Just and Adrian Schr{\"o}ter and Cathrin Weiss and Rahul Premraj and Thomas Zimmermann},
   booktitle = {Proceedings of the 16th ACM SIGSOFT International Symposium on Foundations of software engineering},
       title = {What makes a good bug report?},
        year = {2008},
      volume = {},
      number = {},
       pages = {308-318},
   timestamp = {1999.09.05},
        isbn = {0-7695-0262-8},
         doi = {10.1109/UIDIS.1999.791470},
}


@misc{GoogleCloudErrorReporting,
       title = {Error Reporting | Google Cloud},
howpublished = "\url{https://cloud.google.com/error-reporting}",
     journal = {Google},
   publisher = {Google},
        year = {2020},
        note = "[Online; abgerufen am 22.09.2020]"
}
@misc{DynatraceDigitalExperienceMonitoring,
       title = {Digital experience monitoring | Dynatrace},
howpublished = "\url{https://www.dynatrace.com/platform/digital-experience-monitoring/}",
     journal = {Dynatrace LLC},
   publisher = {Dynatrace LLC},
        year = {2020},
        note = "[Online; abgerufen am 22.09.2020]"
}
@misc{SentryForJavaScript,
       title = {JavaScript Error and Performance Monitoring | Sentry},
howpublished = "\url{https://sentry.io/for/javascript/}",
     journal = {Functional Software, Inc.},
   publisher = {Functional Software, Inc.},
        year = {2020},
        note = "[Online; abgerufen am 22.09.2020]"
}
@misc{LogRocket,
       title = {LogRocket | Logging and Session Replay for JavaScript Apps},
howpublished = "\url{https://logrocket.com/}",
     journal = {LogRocket, Inc},
   publisher = {LogRocket, Inc},
        year = {2020},
        note = "[Online; abgerufen am 22.09.2020]"
}

@comment{jabref-entrytype: Webside: req[author;internet;title;version;year] opt[]}

